@article{eisbach,
 author = {Matichuk, Daniel and Murray, Toby and Wenzel, Makarius},
 title = {{E}isbach: A Proof Method Language for {I}sabelle},
 journal = {Journal of Automated Reasoning},
 issue_date = {March     2016},
 volume = {56},
 number = {3},
 month = mar,
 year = {2016},
 issn = {0168-7433},
 pages = {261--282},
 numpages = {22},
 url = {http://dx.doi.org/10.1007/s10817-015-9360-2},
 doi = {10.1007/s10817-015-9360-2},
 acmid = {2904264},
 publisher = {Springer-Verlag New York, Inc.},
 address = {Secaucus, NJ, USA},
 keywords = {Eisbach, Isabelle, Proof automation, l4.verified, seL4},
} 

@InProceedings{ltac,
author="Delahaye, David",
editor="Parigot, Michel
and Voronkov, Andrei",
title="A Tactic Language for the System {C}oq",
booktitle="Logic for Programming and Automated Reasoning",
year="2000",
publisher="Springer Berlin Heidelberg",
address="Berlin, Heidelberg",
pages="85--95",
abstract="We propose a new tactic language for the system Coq, which is intended to enrich the current tactic combinators (tacticals). This language is based on a functional core with recursors and matching operators for Coq terms but also for proof contexts. It can be used directly in proof scripts or in toplevel definitions (tactic definitions). We show that the implementation of this language involves considerable changes in the interpretation of proof scripts, essentially due to the matching operators. We give some examples which solve small proof parts locally and some others which deal with non-trivial problems. Finally, we discuss the status of this meta-language with respect to the Coq language and the implementation language of Coq.",
isbn="978-3-540-44404-6"
}

@MISC{gordon01hol,
    author = {Mike Gordon},
    title = {HOL - A Machine Oriented Formulation of Higher Order Logic},
    year = {2001}
}

@article{silver2017mastering,
  added-at = {2017-12-15T02:14:58.000+0100},
  author = {Silver, David and Schrittwieser, Julian and Simonyan, Karen and Antonoglou, Ioannis and Huang, Aja and Guez, Arthur and Hubert, Thomas and Baker, Lucas and Lai, Matthew and Bolton, Adrian and Chen, Yutian and Lillicrap, Timothy and Hui, Fan and Sifre, Laurent and van den Driessche, George and Graepel, Thore and Hassabis, Demis},
  biburl = {https://www.bibsonomy.org/bibtex/2ecdfbfcceb55ee5f14c1c375ad71f2cb/achakraborty},
  description = {Mastering the game of Go without human knowledge | Nature},
  interhash = {c45d318e105d0f2d62ccc28c2699d9d4},
  intrahash = {ecdfbfcceb55ee5f14c1c375ad71f2cb},
  journal = {Nature},
  keywords = {2017 deep-learning deepmind google paper reinforcement-learning},
  month = oct,
  pages = {354--},
  publisher = {Macmillan Publishers Limited, part of Springer Nature. All rights reserved.},
  timestamp = {2017-12-15T02:14:58.000+0100},
  title = {Mastering the game of Go without human knowledge},
  url = {http://dx.doi.org/10.1038/nature24270},
  volume = 550,
  year = 2017
}

@article{montecarlo,
  author    = {Cameron Browne and
               Edward Jack Powley and
               Daniel Whitehouse and
               Simon M. Lucas and
               Peter I. Cowling and
               Philipp Rohlfshagen and
               Stephen Tavener and
               Diego Perez Liebana and
               Spyridon Samothrakis and
               Simon Colton},
  title     = {A Survey of {Monte Carlo} Tree Search Methods},
  journal   = {{IEEE} Trans. Comput. Intellig. and {AI} in Games},
  volume    = {4},
  number    = {1},
  pages     = {1--43},
  year      = {2012},
  url       = {https://doi.org/10.1109/TCIAIG.2012.2186810},
  doi       = {10.1109/TCIAIG.2012.2186810},
}


@article{leancop,
title = "{leanCoP}: lean connection-based theorem proving ",
journal = "Journal of Symbolic Computation ",
volume = "36",
number = "1â€“2",
pages = "139 - 161",
year = "2003",
note = "First Order Theorem Proving ",
issn = "0747-7171",
doi = "http://dx.doi.org/10.1016/S0747-7171(03)00037-3",
url = "http://www.sciencedirect.com/science/article/pii/S0747717103000373",
author = "Jens Otten and Wolfgang Bibel"
}

@inproceedings{femalecop,
author="Kaliszyk, Cezary
and Urban, Josef",
editor="Davis, Martin
and Fehnker, Ansgar
and McIver, Annabelle
and Voronkov, Andrei",
title="{FEMaLeCoP: Fairly Efficient Machine Learning Connection Prover}",
bookTitle="Logic for Programming, Artificial Intelligence, and Reasoning (LPAR 2015)",
year="2015",
publisher="Springer Berlin Heidelberg",
address="Berlin, Heidelberg",
pages="88--96",
isbn="978-3-662-48899-7",
doi="10.1007/978-3-662-48899-7_7",
url="http://dx.doi.org/10.1007/978-3-662-48899-7_7"
}

@ARTICLE{Brown2012a,
  title = {Reducing Higher-Order Theorem Proving to a Sequence of {SAT} Problems},
  author = {Chad E. Brown},
  year = {2013},
  month = {Mar},
  journal = {Journal of Automated Reasoning},
  volume = {51},
  pages = {57-77},
  number = {1},
}

@ARTICLE{DudaniS76, 
author={Dudani, Sahibsingh A.}, 
journal={Systems, Man and Cybernetics, IEEE Transactions on}, 
title={The Distance-Weighted k-Nearest-Neighbor Rule}, 
year={1976}, 
volume={SMC-6}, 
number={4}, 
pages={325-327}, 
doi={10.1109/TSMC.1976.5408784}, 
ISSN={0018-9472}
}


@inproceedings{malecop,
author="Urban, Josef
and Vysko{\v{c}}il, Ji{\v{r}}{\'i}
and {\v{S}}t{\v{e}}p{\'a}nek, Petr",
editor="Br{\"u}nnler, Kai
and Metcalfe, George",
title="{MaLeCoP Machine Learning Connection Prover}",
bookTitle="Automated Reasoning with Analytic Tableaux and Related Methods: 20th International Conference, TABLEAUX 2011, Bern, Switzerland, July 4-8, 2011. Proceedings",
year="2011",
publisher="Springer Berlin Heidelberg",
address="Berlin, Heidelberg",
pages="263--277",
isbn="978-3-642-22119-4",
doi="10.1007/978-3-642-22119-4_21",
url="http://dx.doi.org/10.1007/978-3-642-22119-4_21"
}

@inproceedings{DBLP:journals/corr/abs-1212-3618,
  author    = {Ekaterina Komendantskaya and
               J{\'{o}}nathan Heras and
               Gudmund Grov},
  title     = {Machine Learning in {Proof General}: Interfacing Interfaces},
  booktitle = {Proceedings 10th International Workshop On User Interfaces for Theorem
               Provers, {UITP} 2012, Bremen, Germany, July 11th, 2012.},
  pages     = {15--41},
  year      = {2012},
  url       = {http://dx.doi.org/10.4204/EPTCS.118.2},
  doi       = {10.4204/EPTCS.118.2},
  timestamp = {Fri, 04 Mar 2016 13:08:33 +0100},
  biburl    = {http://dblp.uni-trier.de/rec/bib/journals/corr/abs-1212-3618},
  bibsource = {dblp computer science bibliography, http://dblp.org}
}

@article{DBLP:journals/mics/HerasK14,
  author    = {J{\'{o}}nathan Heras and
               Ekaterina Komendantskaya},
  title     = {Recycling Proof Patterns in {C}oq: Case Studies},
  journal   = {Mathematics in Computer Science},
  volume    = {8},
  number    = {1},
  pages     = {99--116},
  year      = {2014},
  url       = {http://dx.doi.org/10.1007/s11786-014-0173-1},
  doi       = {10.1007/s11786-014-0173-1},
  timestamp = {Thu, 15 May 2014 14:10:07 +0200},
  biburl    = {http://dblp.uni-trier.de/rec/bib/journals/mics/HerasK14},
  bibsource = {dblp computer science bibliography, http://dblp.org}
}

@inproceedings{DBLP:conf/cade/GransdenWR15,
  author    = {Thomas Gransden and
               Neil Walkinshaw and
               Rajeev Raman},
  title     = {{SEPIA:} Search for Proofs Using Inferred Automata},
  booktitle = {Automated Deduction - {CADE-25} - 25th International Conference on
               Automated Deduction, Berlin, Germany, August 1-7, 2015, Proceedings},
  pages     = {246--255},
  year      = {2015},
  url       = {http://dx.doi.org/10.1007/978-3-319-21401-6_16},
  doi       = {10.1007/978-3-319-21401-6_16},
  timestamp = {Fri, 31 Jul 2015 13:18:27 +0200},
  biburl    = {http://dblp.uni-trier.de/rec/bib/conf/cade/GransdenWR15},
  bibsource = {dblp computer science bibliography, http://dblp.org}
}

@inproceedings{obuaimport,
  author    = {Steven Obua and Sebastian Skalberg},
  title     = {Importing {HOL} into {Isabelle/HOL}},
  booktitle = {IJCAR},
  year      = 2006,
  pages     = {298-302},
  ee        = {http://dx.doi.org/10.1007/11814771_27},
  crossref  = {DBLP:conf/cade/2006},
  bibsource = {DBLP, http://dblp.uni-trier.de}
}

@inproceedings{opentheory,
  author    = {Joe Hurd},
  title     = {The {OpenTheory} Standard Theory Library},
  booktitle = {NASA Formal Methods},
  year      = 2011,
  pages     = {177-191},
  ee        = {http://dx.doi.org/10.1007/978-3-642-20398-5_14},
  crossref  = {DBLP:conf/nfm/2011},
  bibsource = {DBLP, http://dblp.uni-trier.de}
}
@proceedings{DBLP:conf/nfm/2011,
  editor    = {Mihaela Gheorghiu Bobaru and
               Klaus Havelund and
               Gerard J. Holzmann and
               Rajeev Joshi},
  title     = {NASA Formal Methods - Third International Symposium, NFM
               2011, Pasadena, CA, USA, April 18-20, 2011. Proceedings},
  booktitle = {NASA Formal Methods},
  publisher = {Springer},
  series    = {Lecture Notes in Computer Science},
  volume    = 6617,
  year      = 2011,
  isbn      = {978-3-642-20397-8},
  ee        = {http://dx.doi.org/10.1007/978-3-642-20398-5},
  bibsource = {DBLP, http://dblp.uni-trier.de}
}


@Unpublished{updatedatabase,
  author =       {John Harrison and Roland Zumkeller},
  title =        {update\_database module},
  note =         {Part of the \HOLLight distribution}
}



@inproceedings{Harrison96,
  author    = {John Harrison},
  title     = {{HOL Light}: A Tutorial Introduction},
  booktitle = {FMCAD},
  year      = {1996},
  pages     = {265-269},
  ee        = {http://dx.doi.org/10.1007/BFb0031814},
  crossref  = {DBLP:conf/fmcad/1996},
  bibsource = {DBLP, http://dblp.uni-trier.de}
}


@article{BlanchetteGKKU16,
  author    = {Jasmin Christian Blanchette and
               David Greenaway and
               Cezary Kaliszyk and
               Daniel K{\"{u}}hlwein and
               Josef Urban},
  title     = {A Learning-Based Fact Selector for {Isabelle/HOL}},
  journal   = {J. Autom. Reasoning},
  volume    = {57},
  number    = {3},
  pages     = {219--244},
  year      = {2016},
  url       = {http://dx.doi.org/10.1007/s10817-016-9362-8},
  doi       = {10.1007/s10817-016-9362-8},
  timestamp = {Mon, 05 Sep 2016 19:00:15 +0200},
  biburl    = {http://dblp.uni-trier.de/rec/bib/journals/jar/BlanchetteGKKU16},
  bibsource = {dblp computer science bibliography, http://dblp.org}
}

@article{hammers4qed,
	author = {Jasmin Blanchette and Cezary Kaliszyk and Lawrence Paulson and Josef Urban},
	title = {Hammering towards {QED}},
	journal = {Journal of Formalized Reasoning},
	volume = {9},
	number = {1},
	year = {2016},
	issn = {1972-5787},
	url = {http://jfr.unibo.it/article/view/4593},
	pages = {101--148}
}



@inproceedings{Harrison09hollight,
  author    = {John Harrison},
  title     = {{HOL Light}: An Overview},
  booktitle = {TPHOLs},
  year      = {2009},
  pages     = {60-66},
  ee        = {http://dx.doi.org/10.1007/978-3-642-03359-9_4},
  crossref  = {DBLP:conf/tphol/2009},
  bibsource = {DBLP, http://dblp.uni-trier.de}
}

@proceedings{DBLP:conf/tphol/2009,
  editor    = {Stefan Berghofer and
               Tobias Nipkow and
               Christian Urban and
               Makarius Wenzel},
  title     = {Theorem Proving in Higher Order Logics, 22nd International
               Conference, TPHOLs 2009, Munich, Germany, August 17-20,
               2009. Proceedings},
  booktitle = {TPHOLs},
  publisher = {Springer},
  series    = {Lecture Notes in Computer Science},
  volume    = {5674},
  year      = {2009},
  isbn      = {978-3-642-03358-2},
  ee        = {http://dx.doi.org/10.1007/978-3-642-03359-9},
  bibsource = {DBLP, http://dblp.uni-trier.de}
}


@inproceedings{hol4,
  author    = {Konrad Slind and
               Michael Norrish},
  title     = {A Brief Overview of {HOL4}},
  booktitle = {TPHOLs},
  year      = {2008},
  pages     = {28-32},
  ee        = {http://dx.doi.org/10.1007/978-3-540-71067-7_6},
  crossref  = {DBLP:conf/tphol/2008},
  bibsource = {DBLP, http://dblp.uni-trier.de}
}

@book{coq-book,
	Author = {Yves Bertot and Pierre {Cast\'eran}},
	Publisher = {Springer},
	Title = {Interactive Theorem Proving and Program Development: Coq'Art: The Calculus of Inductive Constructions},
	Year = {2004}}
	
@inproceedings{isabelle,
  author    = {Makarius Wenzel and
               Lawrence C. Paulson and
               Tobias Nipkow},
  title     = {The {I}sabelle Framework},
  booktitle = {TPHOLs},
  year      = {2008},
  pages     = {33-38},
  ee        = {http://dx.doi.org/10.1007/978-3-540-71067-7_7},
  crossref  = {DBLP:conf/tphol/2008},
  bibsource = {DBLP, http://dblp.uni-trier.de}
}

@proceedings{DBLP:conf/tphol/2008,
  editor    = {Otmane A\"{\i}t Mohamed and
               C{\'e}sar A. Mu{\~n}oz and
               Sofi{\`e}ne Tahar},
  title     = {Theorem Proving in Higher Order Logics, 21st International
               Conference, TPHOLs 2008, Montreal, Canada, August 18-21,
               2008. Proceedings},
  booktitle = {TPHOLs},
  publisher = {Springer},
  series    = {Lecture Notes in Computer Science},
  volume    = {5170},
  year      = {2008},
  isbn      = {978-3-540-71065-3},
  bibsource = {DBLP, http://dblp.uni-trier.de}
}


@inproceedings{Z3reconstruction,
  author    = {B\"ohme, Sascha and Weber, Tjark},
  title     = {Fast {LCF}-Style Proof Reconstruction for {Z3}},
  booktitle = {Interactive Theorem Proving},
  editor    = {Kaufmann, Matt and Paulson, Lawrence},
  series    = {Lecture Notes in Computer Science},
  volume    = 6172,
  year      = 2010,
  pages     = {179--194},
  publisher = {Springer},
  doi       = {http://dx.doi.org/10.1007/978-3-642-14052-5_14}
}

@article{WeberTjark,
year={2011},
issn={1433-2779},
journal={International Journal on Software Tools for Technology Transfer},
volume={13},
number={5},
doi={10.1007/s10009-011-0188-8},
title={{SMT} solvers: new oracles for the {HOL} theorem prover},
url={http://dx.doi.org/10.1007/s10009-011-0188-8},
publisher={Springer-Verlag},
keywords={Satisfiability Modulo Theories; Interactive theorem proving; Tool integration},
author={Weber, Tjark},
pages={419-429},
language={English}
}

@Article{Urb04-MPTP0,
    Author       = "Urban, Josef",
    Year         = "2004",
    Title        = "{MPTP - Motivation, Implementation, First Experiments}",
    Journal      = "J. Autom. Reasoning",
    Volume       = "33",
    Number       = "3-4",
    Pages        = "319-339",
    doi = "10.1007/s10817-004-6245-1",
    Comment      = "TPTPCite"
}

@inproceedings{Urban_automatedreasoning,
  author    = {Josef Urban},
  title     = {Automated Reasoning for {M}izar: Artificial Intelligence through
               Knowledge Exchange},
  booktitle = {LPAR Workshops},
  year      = {2008},
  ee        = {http://ceur-ws.org/Vol-418/paper1.pdf},
  crossref  = {DBLP:conf/lpar/2008w},
  bibsource = {DBLP, http://dblp.uni-trier.de}
}

@proceedings{DBLP:conf/lpar/2008w,
  editor    = {Piotr Rudnicki and
               Geoff Sutcliffe and
               Boris Konev and
               Renate A. Schmidt and
               Stephan Schulz},
  title     = {Proceedings of the {LPAR} 2008 Workshops, Knowledge Exchange:
               Automated Provers and Proof Assistants, {and the 7th International
               Workshop on the Implementation of Logics, Doha, Qatar, November
               22, 2008 }},
  booktitle = {LPAR Workshops},
  publisher = {CEUR-WS.org},
  series    = {CEUR Workshop Proceedings},
  volume    = {418},
  year      = {2008},
  bibsource = {DBLP, http://dblp.uni-trier.de}
}

@article{DBLP:journals/corr/KaliszykU13a,
  author    = {Cezary Kaliszyk and
               Josef Urban},
  title     = {Lemma Mining over {HOL Light}},
  journal   = {CoRR},
  volume    = {abs/1310.2797},
  year      = {2013},
  ee        = {http://arxiv.org/abs/1310.2797},
  bibsource = {DBLP, http://dblp.uni-trier.de}
}

@article{Blanchette_extendingsledgehammer,
  author    = {Jasmin C. Blanchette and
               Sascha B\"ohme and
               Lawrence C. Paulson},
  title     = {Extending {S}ledgehammer with {SMT} Solvers},
  journal   = {J. Autom. Reasoning},
  volume    = {51},
  number    = {1},
  year      = {2013},
  pages     = {109-128},
  ee        = {http://dx.doi.org/10.1007/s10817-013-9278-5},
  bibsource = {DBLP, http://dblp.uni-trier.de}
}

@misc{SPASS+T,
   author = {Virgile Prevosto and Uwe Waldmann},
   title = {{SPASS+T}},
   year = {2006}
}


@inproceedings{Sutcliffe_thetptp,
  author    = {Geoff Sutcliffe and
               Stephan Schulz and
               Koen Claessen and
               Peter Baumgartner},
  title     = {The {TPTP} Typed First-Order Form with Arithmetic},
  booktitle = {LPAR},
  year      = {2012},
  pages     = {406-419},
  ee        = {http://dx.doi.org/10.1007/978-3-642-28717-6_32},
  crossref  = {DBLP:conf/lpar/2012},
  bibsource = {DBLP, http://dblp.uni-trier.de}
}

@proceedings{DBLP:conf/lpar/2012,
  editor    = {Nikolaj Bj{\o}rner and
               Andrei Voronkov},
  title     = {Logic for Programming, Artificial Intelligence, and Reasoning
               - {18th International Conference, LPAR-18, M{\'e}rida,
               Venezuela, March 11-15, 2012. Proceedings}},
  booktitle = {LPAR},
  publisher = {Springer},
  series    = {Lecture Notes in Computer Science},
  volume    = {7180},
  year      = {2012},
  isbn      = {978-3-642-28716-9},
  ee        = {http://dx.doi.org/10.1007/978-3-642-28717-6},
  bibsource = {DBLP, http://dblp.uni-trier.de}
}

@inproceedings{Blanchette_morespass,
  author    = {Jasmin C. Blanchette and
               Andrei Popescu and
               Daniel Wand and
               Christoph Weidenbach},
  title     = {More {SPASS} with {I}sabelle - {S}uperposition with Hard Sorts
               and Configurable Simplification},
  booktitle = {ITP},
  year      = {2012},
  pages     = {345-360},
  ee        = {http://dx.doi.org/10.1007/978-3-642-32347-8_24},
  crossref  = {DBLP:conf/itp/2012},
  bibsource = {DBLP, http://dblp.uni-trier.de}
}

@proceedings{DBLP:conf/itp/2012,
  editor    = {Lennart Beringer and
               Amy P. Felty},
  title     = {Interactive Theorem Proving - {Third International Conference,
               ITP 2012, Princeton, NJ, USA, August 13-15, 2012. Proceedings}},
  booktitle = {ITP},
  publisher = {Springer},
  series    = {Lecture Notes in Computer Science},
  volume    = {7406},
  year      = {2012},
  isbn      = {978-3-642-32346-1},
  ee        = {http://dx.doi.org/10.1007/978-3-642-32347-8},
  bibsource = {DBLP, http://dblp.uni-trier.de}
}



@article{Hurd03,
  title={First-order proof tactics in higher-order logic theorem provers},
  author={Hurd, Joe},
  journal={Design and Application of Strategies/Tactics in Higher Order Logics, number NASA/CP-2003-212448 in NASA Technical Reports},
  pages={56--68},
  year={2003}
}

@article{MengP08,
  title =	"Translating Higher-Order Clauses to First-Order
		 Clauses",
  author =	"Jia Meng and Lawrence C. Paulson",
  journal =	"J. Autom. Reasoning",
  year = 	"2008",
  number =	"1",
  volume =	"40",
  bibdate =	"2008-03-12",
  bibsource =	"DBLP,
		 http://dblp.uni-trier.de/db/journals/jar/jar40.html#MengP08",
  pages =	"35--60",
  URL =  	"http://dx.doi.org/10.1007/s10817-007-9085-y",
}

@phdthesis{Bohme12,
  author = {Sascha B\"ohme},
  title = {Proving Theorems of Higher-Order Logic with {SMT} Solvers},
  school = {Technische Universit\"at M\"unchen},
  year = 2012
}

@article{holyhammer,
 author  = "Cezary Kaliszyk and Josef Urban",
 title   = "Learning-assisted Automated Reasoning with {Flyspeck}",
 journal = "Journal of Automated Reasoning",
 volume  = 53,
 number  = 2,
 pages   = "173--213",
 year    = 2014
}

@phdthesis{Blanchette12,
  title={Automatic Proofs and Refutations for Higher-order Logic},
  author={Jasmin C. Blanchette},
  school = {Technische Universit\"at M\"unchen},
  year={2012}
}

@phdthesis{Keller13,
  author =       {Keller, C.},
  title =        {A Matter of Trust: {S}keptical Communication Between {C}oq and External Provers},
  school =       {Ã‰cole Polytechnique},
  year =         {2013},
  month =        {June}
}

@inproceedings{Paulson10,
    author = {Lawrence C. Paulson, Jasmin C. Blanchette},
    title = {Three Years of Experience with {S}ledgehammer, a Practical Link between Automatic and Interactive Theorem Provers},
    booktitle={IWIL-2010},
    editor={G. Sutcliffe, E. Ternovska, S. Schulz},
    year = {2010}
}

@inproceedings{BlanchetteBPS13,
  author = {Blanchette, 
Jasmin C. and B\"ohme, Sascha and Popescu, Andrei and Smallbone, Nicholas},
  title = {Encoding Monomorphic and Polymorphic Types},
  booktitle = {TACAS},
  editor = {Piterman, Nir and Smolka, Scott A.},
  pages = {493-507},
  year = 2013,
  publisher = {Springer},
  series = {Lecture Notes in Computer Science},
}

@inproceedings{DBLP:conf/cpp/ArmandFGKTW11,
  author    = {Micha{\"e}l Armand and
               Germain Faure and
               Benjamin Gr{\'e}goire and
               Chantal Keller and
               Laurent Th{\'e}ry and
               Benjamin Werner},
  title     = {A Modular Integration of {SAT}/{SMT} Solvers to {C}oq through
               Proof Witnesses},
  booktitle = {CPP},
  year      = {2011},
  pages     = {135-150},
  ee        = {http://dx.doi.org/10.1007/978-3-642-25379-9_12},
  crossref  = {DBLP:conf/cpp/2011},
  bibsource = {DBLP, http://dblp.uni-trier.de}
}

@proceedings{DBLP:conf/cpp/2011,
  editor    = {Jean-Pierre Jouannaud and
               Zhong Shao},
  title     = {Certified Programs and Proofs - {First International Conference,
               CPP 2011, Kenting, Taiwan, December 7-9, 2011. Proceedings}},
  booktitle = {CPP},
  publisher = {Springer},
  series    = {Lecture Notes in Computer Science},
  volume    = {7086},
  year      = {2011},
  isbn      = {978-3-642-25378-2},
  ee        = {http://dx.doi.org/10.1007/978-3-642-25379-9},
  bibsource = {DBLP, http://dblp.uni-trier.de}
}


@PhdThesis{Lescuyer11,
  author =       {Lescuyer, St\'ephane},
  title =        {Formalizing and Implementing a Reflexive Tactic for Automated Deduction in {C}oq},
  school =       {{Universit\'e Paris-Sud}},
  year =         {2011}
}

@Article{Hurd05,
  author =       {Hurd, Joe},
  title =        {System Description: {T}he {M}etis Proof Tactic},
  journal =      {Empirically Successful Automated Reasoning in Higher-Order Logic (ESHOL)},
  year =         {2005},
  pages =        {103--104}
}


@inproceedings{DBLP:conf/cade/BaumgartnerW13,
  author    = {Peter Baumgartner and
               Uwe Waldmann},
  title     = {Hierarchic Superposition with Weak Abstraction},
  booktitle = {CADE},
  year      = {2013},
  pages     = {39-57},
  ee        = {http://dx.doi.org/10.1007/978-3-642-38574-2_3},
  crossref  = {DBLP:conf/cade/2013},
  bibsource = {DBLP, http://dblp.uni-trier.de}
}

@proceedings{DBLP:conf/cade/2013,
  editor    = {Maria Paola Bonacina},
  title     = {Automated Deduction - {CADE-24 - 24th International Conference
               on Automated Deduction, Lake Placid, NY, USA, June 9-14,
               2013. Proceedings}},
  booktitle = {CADE},
  publisher = {Springer},
  series    = {Lecture Notes in Computer Science},
  volume    = {7898},
  year      = {2013},
  isbn      = {978-3-642-38573-5},
  ee        = {http://dx.doi.org/10.1007/978-3-642-38574-2},
  bibsource = {DBLP, http://dblp.uni-trier.de}
}

@inproceedings{DBLP:conf/types/Besson06,
  author    = {Fr{\'e}d{\'e}ric Besson},
  title     = {Fast Reflexive Arithmetic Tactics the Linear Case and Beyond},
  booktitle = {TYPES},
  year      = {2006},
  pages     = {48-62},
  ee        = {http://dx.doi.org/10.1007/978-3-540-74464-1_4},
  crossref  = {DBLP:conf/types/2006},
  bibsource = {DBLP, http://dblp.uni-trier.de}
}

@proceedings{DBLP:conf/types/2006,
  editor    = {Thorsten Altenkirch and
               Conor McBride},
  title     = {Types for Proofs and Programs, {International Workshop, TYPES
               2006, Nottingham, UK, April 18-21, 2006, Revised Selected
               Papers}},
  booktitle = {TYPES},
  publisher = {Springer},
  series    = {Lecture Notes in Computer Science},
  volume    = {4502},
  year      = {2007},
  isbn      = {978-3-540-74463-4},
  bibsource = {DBLP, http://dblp.uni-trier.de}
}

@inproceedings{jasmincade2013,
  author    = {Jasmin C. Blanchette and
               Andrei Paskevich},
  title     = {{TFF1}: The {TPTP} Typed First-Order Form with Rank-1 Polymorphism},
  booktitle = {CADE},
  year      = {2013},
  pages     = {414-420},
  ee        = {http://dx.doi.org/10.1007/978-3-642-38574-2_29},
  crossref  = {DBLP:conf/cade/2013},
  bibsource = {DBLP, http://dblp.uni-trier.de}
}

@proceedings{DBLP:conf/cade/2013,
  editor    = {Maria Paola Bonacina},
  title     = {Automated Deduction - {CADE-24} - 24th International Conference on
               Automated Deduction, Lake Placid, NY, USA, June 9-14, 2013. Proceedings},
  series    = {Lecture Notes in Computer Science},
  year      = {2013},
  volume    = {7898},
  publisher = {Springer},
  url       = {http://dx.doi.org/10.1007/978-3-642-38574-2},
  doi       = {10.1007/978-3-642-38574-2},
  isbn      = {978-3-642-38573-5},
  timestamp = {Thu, 09 Oct 2014 11:32:23 +0200},
  biburl    = {http://dblp.uni-trier.de/rec/bib/conf/cade/2013},
  bibsource = {dblp computer science bibliography, http://dblp.org}
}

@INPROCEEDINGS{Norrish03completeinteger,
    author = {Michael Norrish},
    title = {Complete integer decision procedures as derived rules in {HOL}},
    booktitle = {Theorem Proving in Higher Order Logics, TPHOLs 2003, volume 2758 of Lect. Notes in Comp. Sci},
    year = {2003},
    pages = {71--86},
    publisher = {Springer-Verlag}
}

@inproceedings{DBLP:conf/frocos/BobotP11,
  author    = {Fran\c{c}ois Bobot and
               Andrey Paskevich},
  title     = {Expressing Polymorphic Types in a Many-Sorted Language},
  booktitle = {FroCoS},
  year      = {2011},
  pages     = {87-102},
  ee        = {http://dx.doi.org/10.1007/978-3-642-24364-6_7},
  crossref  = {DBLP:conf/frocos/2011},
  bibsource = {DBLP, http://dblp.uni-trier.de}
}

@proceedings{DBLP:conf/frocos/2011,
  editor    = {Cesare Tinelli and
               Viorica Sofronie-Stokkermans},
  title     = {Frontiers of Combining Systems, {8th International Symposium,
               FroCoS 2011, Saarbr{\"u}cken, Germany, October 5-7, 2011.
               Proceedings}},
  booktitle = {FroCoS},
  publisher = {Springer},
  series    = {Lecture Notes in Computer Science},
  volume    = {6989},
  year      = {2011},
  isbn      = {978-3-642-24363-9},
  ee        = {http://dx.doi.org/10.1007/978-3-642-24364-6},
  bibsource = {DBLP, http://dblp.uni-trier.de}
}

@article{Blast,
  author    = {Lawrence C. Paulson},
  title     = {A Generic Tableau Prover and its Integration with {I}sabelle},
  journal   = {J. UCS},
  volume    = {5},
  number    = {3},
  year      = {1999},
  pages     = {73-87},
  ee        = {http://www.jucs.org/jucs_5_3/a_generic_tableau_prover},
  bibsource = {DBLP, http://dblp.uni-trier.de}
}

@article{HartNR68,
  author    = {Peter E. Hart and
               Nils J. Nilsson and
               Bertram Raphael},
  title     = {A Formal Basis for the Heuristic Determination of Minimum Cost Paths},
  journal   = {{IEEE} Trans. Systems Science and Cybernetics},
  volume    = {4},
  number    = {2},
  pages     = {100--107},
  year      = {1968},
  url       = {http://dx.doi.org/10.1109/TSSC.1968.300136},
  doi       = {10.1109/TSSC.1968.300136},
  timestamp = {Tue, 07 Feb 2012 19:04:29 +0100},
  biburl    = {http://dblp.uni-trier.de/rec/bib/journals/tssc/HartNR68},
  bibsource = {dblp computer science bibliography, http://dblp.org}
}

@article{mizAR40,
  author    = {Cezary Kaliszyk and
               Josef Urban},
  title     = {{MizAR} 40 for {M}izar 40},
  journal   = {J. Autom. Reasoning},
  volume    = {55},
  number    = {3},
  pages     = {245--256},
  year      = {2015},
  url       = {http://dx.doi.org/10.1007/s10817-015-9330-8},
  doi       = {10.1007/s10817-015-9330-8},
}

@inproceedings{ckju-pxtp13,
  author    = {Cezary Kaliszyk and Josef Urban},
  title     = {Stronger Automation for {F}lyspeck by Feature Weighting and Strategy Evolution},
  booktitle = {PxTP 2013},
  editor    = {Jasmin Christian Blanchette and Josef Urban},
  series    = {EPiC Series},
  volume    = {14},
  pages     = {87-95},
  year      = {2013},
  publisher = {EasyChair},
  bibsource = {EasyChair, http://www.easychair.org},
  issn      = {2040-557X},
}

@INPROCEEDINGS{Farmer92littletheories,
    author = {William M. Farmer and Joshua D. Guttman and F. Javier Thayer},
    title = {Little Theories},
    booktitle = {Automated Deduction|CADE-11, volume 607 of Lecture Notes in Computer Science},
    year = {1992},
    pages = {567--581},
    publisher = {Springer-Verlag}
}

@inproceedings{PaulsonS07,
  author    = {Lawrence C. Paulson and
               Kong Woei Susanto},
  title     = {Source-Level Proof Reconstruction for Interactive Theorem
               Proving},
  booktitle = {TPHOLs},
  year      = {2007},
  pages     = {232-245},
  ee        = {http://dx.doi.org/10.1007/978-3-540-74591-4_18},
  crossref  = {DBLP:conf/tphol/2007},
  bibsource = {DBLP, http://dblp.uni-trier.de}
}

@inproceedings{US+08,
  author    = {Josef Urban and
               Geoff Sutcliffe and
               Petr Pudl{\'a}k and
               Ji\v{r}\'{\i} Vysko\v{c}il},
  title     = {{MaLARea SG1 - Machine Learner for Automated Reasoning with
               Semantic Guidance}},
  booktitle = {IJCAR},
  year      = {2008},
  pages     = {441-456},
  ee        = {http://dx.doi.org/10.1007/978-3-540-71070-7_37},
  crossref  = {DBLP:conf/cade/2008},
  bibsource = {DBLP, http://dblp.uni-trier.de}
}

@proceedings{DBLP:conf/cade/2008,
  editor    = {Alessandro Armando and
               Peter Baumgartner and
               Gilles Dowek},
  title     = {Automated Reasoning, 4th International Joint Conference,
               IJCAR 2008, Sydney, Australia, August 12-15, 2008, Proceedings},
  booktitle = {IJCAR},
  publisher = {Springer},
  series    = {LNCS},
  volume    = {5195},
  year      = {2008},
  isbn      = {978-3-540-71069-1},
  bibsource = {DBLP, http://dblp.uni-trier.de}
}

@proceedings{DBLP:conf/tphol/2007,
  editor    = {Klaus Schneider and
               Jens Brandt},
  title     = {Theorem Proving in Higher Order Logics, 20th International
               Conference, TPHOLs 2007, Kaiserslautern, Germany, September
               10-13, 2007, Proceedings},
  booktitle = {TPHOLs},
  publisher = {Springer},
  series    = {LNCS},
  volume    = {4732},
  year      = {2007},
  isbn      = {978-3-540-74590-7},
  bibsource = {DBLP, http://dblp.uni-trier.de}
}

@inproceedings{sine,
  author    = {Krystof Hoder and
               Andrei Voronkov},
  title     = {Sine Qua Non for Large Theory Reasoning},
  booktitle = {Automated Deduction - {CADE-23} - 23rd International Conference on
               Automated Deduction, Wroc\l{}aw, Poland, July 31 - August 5, 2011. Proceedings},
  year      = 2011,
  pages     = {299--314},
  crossref  = {DBLP:conf/cade/2011},
  timestamp = {Wed, 08 Oct 2014 16:20:35 +0200},
  biburl    = {http://dblp.uni-trier.de/rec/bib/conf/cade/HoderV11},
  bibsource = {dblp computer science bibliography, http://dblp.org}
}

@proceedings{DBLP:conf/cade/2011,
  editor    = {Nikolaj Bj{\o}rner and
               Viorica Sofronie{-}Stokkermans},
  title     = {Automated Deduction - {CADE-23} - 23rd International Conference on
               Automated Deduction, Wroclaw, Poland, July 31 - August 5, 2011. Proceedings},
  series    = {Lecture Notes in Computer Science},
  year      = {2011},
  volume    = {6803},
  publisher = {Springer},
  isbn      = {978-3-642-22437-9},
  timestamp = {Wed, 08 Oct 2014 16:20:35 +0200},
  biburl    = {http://dblp.uni-trier.de/rec/bib/conf/cade/2011},
  bibsource = {dblp computer science bibliography, http://dblp.org}
}

@article{Sutcliffe14,
  author    = {Geoff Sutcliffe},
  title     = {The {CADE-24} automated theorem proving system competition - {CASC-24}},
  journal   = {{AI} Commun.},
  year      = {2014},
  volume    = {27},
  number    = {4},
  pages     = {405--416},
  timestamp = {Thu, 09 Oct 2014 10:51:46 +0200},
  biburl    = {http://dblp.uni-trier.de/rec/bib/journals/aicom/Sutcliffe14},
  bibsource = {dblp computer science bibliography, http://dblp.org}
}


@article{flyspeck,
  author    = {Thomas C. Hales and
               John Harrison and
               Sean McLaughlin and
               Tobias Nipkow and
               Steven Obua and
               Roland Zumkeller},
  title     = {A Revision of the Proof of the {Kepler} Conjecture},
  journal   = {Discrete {\&} Computational Geometry},
  volume    = {44},
  number    = {1},
  year      = {2010},
  pages     = {1-34},
  ee        = {http://dx.doi.org/10.1007/s00454-009-9148-4},
  bibsource = {DBLP, http://dblp.uni-trier.de}
}

@inproceedings{tgck-cicm14,
  author =       {Thibault Gauthier and Cezary Kaliszyk},
  title =        {Matching concepts across {HOL} libraries},
  booktitle = {Proc. of the 7th Conference on Intelligent Computer Mathematics (CICM'14)},
  editor = {Stephen Watt and James Davenport and Alan Sexton and Petr Sojka and Josef Urban},
  series = {LNCS},
  volume    = {8543},
  pages = {267-281},
  year =         2014,
  doi = {10.1007/978-3-319-08434-3_20},
  publisher = {Springer Verlag}
}



@article{tptpthf0,
  author    = {Geoff Sutcliffe and
               Christoph Benzm{\"{u}}ller},
  title     = {Automated Reasoning in Higher-Order Logic using the {TPTP} {THF} Infrastructure},
  journal   = {J. Formalized Reasoning},
  year      = {2010},
  volume    = {3},
  number    = {1},
  pages     = {1--27},
  url       = {http://dx.doi.org/10.6092/issn.1972-5787/1710},
  doi       = {10.6092/issn.1972-5787/1710},
  timestamp = {Thu, 09 Oct 2014 10:53:04 +0200},
  biburl    = {http://dblp.uni-trier.de/rec/bib/journals/jfrea/SutcliffeB10},
  bibsource = {dblp computer science bibliography, http://dblp.org}
}

@proceedings{DBLP:conf/cav/2013,
  editor    = {Natasha Sharygina and
               Helmut Veith},
  title     = {Computer Aided Verification - 25th International Conference,
               CAV 2013, Saint Petersburg, Russia, July 13-19, 2013. Proceedings},
  booktitle = {CAV},
  publisher = {Springer},
  series    = {Lecture Notes in Computer Science},
  volume    = {8044},
  year      = {2013},
  isbn      = {978-3-642-39798-1},
  ee        = {http://dx.doi.org/10.1007/978-3-642-39799-8},
  bibsource = {DBLP, http://dblp.uni-trier.de}
}

@article{eprover,
  author    = {Stephan Schulz},
  title     = {E - A Brainiac Theorem Prover},
  journal   = {AI Commun.},
  volume    = {15},
  number    = {2-3},
  year      = {2002},
  pages     = {111-126},
  ee        = {http://iospress.metapress.com/content/n908n94nmvk59v3c/},
  bibsource = {DBLP, http://dblp.uni-trier.de}
}

@InProceedings{meson,
    Author       = "Harrison, John",
    Year         = "1996",
    Title        = "Optimizing Proof Search in Model Elimination",
    Editor       = "McRobbie, M. and Slaney, J.K.",
    BookTitle    = "{Proceedings of the 13th International Conference on
                    Automated Deduction}",
    Place        = "New Brunswick, USA",
    Series       = "LNAI",
    Number       = "1104",
    Pages        = "313-327",
    Publisher    = "Springer-Verlag"
}

@inproceedings{metis,
  author = {Joe Hurd},
  title = {First-Order Proof Tactics in Higher-Order Logic Theorem Provers},
  pages = {56--68},
  crossref = {strata2003},
}

@techreport{strata2003,
  key = {STRATA-2003},
  title = {Design and Application of Strategies/Tactics in Higher Order Logics (STRATA 2003)},
  booktitle = {Design and Application of Strategies/Tactics in Higher Order Logics (STRATA 2003)},
  author = {Myla Archer and Ben Di Vito and C{\'{e}}sar Mu{\~{n}}oz},
  editor = {Myla Archer and Ben Di Vito and C{\'{e}}sar Mu{\~{n}}oz},
  month = sep,
  year = 2003,
  institution = {{NASA}},
  series = {{NASA} Technical Reports},
  number = {NASA/CP-2003-212448},
}

@inproceedings{mash,
  author =       {Daniel K\"uhlwein and Jasmin Christian Blanchette and Cezary Kaliszyk and Josef Urban},
  title =        {{MaSh}: Machine Learning for {Sledgehammer}},
  ee        = {http://dx.doi.org/10.1007/978-3-642-39634-2_6},
  booktitle = {Proc. of the 4th International Conference on Interactive Theorem Proving (ITP'13)},
  publisher = {Springer Verlag},
  series    = {LNCS},
  volume    = {7998},
  pages = {35-50},
  year = {2013},
  editor = {Sandrine Blazy and Christine Paulin-Mohring and David Pichardie},
}

@inproceedings{malarea,
  author    = {Josef Urban},
  title     = {{MaLARea}: a Metasystem for Automated Reasoning in Large Theories},
  booktitle = {ESARLT},
  year      = {2007},
  ee        = {http://ceur-ws.org/Vol-257/05_Urban.pdf},
  crossref  = {DBLP:conf/cade/2007esarlt},
  bibsource = {DBLP, http://dblp.uni-trier.de}
}

@proceedings{DBLP:conf/cade/2007esarlt,
  editor    = {Geoff Sutcliffe and
               Josef Urban and
               Stephan Schulz},
  title     = {Proceedings of the CADE-21 Workshop on Empirically Successful
               Automated Reasoning in Large Theories, Bremen, Germany,
               17th July 2007},
  booktitle = {ESARLT},
  publisher = {CEUR-WS.org},
  series    = {CEUR Workshop Proceedings},
  volume    = {257},
  year      = {2007},
  bibsource = {DBLP, http://dblp.uni-trier.de}
}

@inproceedings{sledgehammer10,
  author    = {Lawrence C. Paulson and Jasmin Blanchette},
  title     = {Three Years of Experience with {S}ledgehammer, a Practical 
               Link between Automated and Interactive Theorem Provers},
  booktitle = {8th IWIL},
  year      = {2010},
  ee        = {http://www4.in.tum.de/~schulz/PAPERS/STS-IWIL-2010.pdf},
  note      = {Invited talk}
}

@INPROCEEDINGS{Wong95recordingand,
    author = {Wai Wong},
    title = {Recording and Checking {HOL} Proofs},
    booktitle = {Higher Order Logic Theorem Proving and Its Applications. 8th International Workshop, volume 971 of LNCS},
    year = {1995},
    pages = {353--368},
    publisher = {Springer-Verlag}
}

@article{DBLP:journals/corr/KaliszykU13b,
  author    = {Cezary Kaliszyk and
               Josef Urban},
  title     = {MizAR 40 for {M}izar 40},
  journal   = {CoRR},
  year      = {2013},
  volume    = {abs/1310.2805},
  url       = {http://arxiv.org/abs/1310.2805},
  timestamp = {Sat, 11 Oct 2014 00:50:51 +0200},
  biburl    = {http://dblp.uni-trier.de/rec/bib/journals/corr/KaliszykU13b},
  bibsource = {dblp computer science bibliography, http://dblp.org}
}


@inproceedings{blistr,
  author    = {Josef Urban},
  title     = {{BliStr: The Blind Strategymaker}},
  booktitle = {Global Conference on Artificial Intelligence, {GCAI} 2015, Tbilisi,
               Georgia, October 16-19, 2015},
  pages     = {312--319},
  year      = {2015},
  crossref  = {DBLP:conf/gcai/2015},
  url       = {http://www.easychair.org/publications/paper/BliStr_The_Blind_Strategymaker},
  timestamp = {Thu, 16 Jun 2016 17:11:03 +0200},
  biburl    = {http://dblp.uni-trier.de/rec/bib/conf/gcai/Urban15},
  bibsource = {dblp computer science bibliography, http://dblp.org}
}
@proceedings{DBLP:conf/gcai/2015,
  editor    = {Georg Gottlob and
               Geoff Sutcliffe and
               Andrei Voronkov},
  title     = {Global Conference on Artificial Intelligence, {GCAI} 2015, Tbilisi,
               Georgia, October 16-19, 2015},
  series    = {EPiC Series in Computing},
  volume    = {36},
  publisher = {EasyChair},
  year      = {2015},
  url       = {http://www.easychair.org/publications/volume/GCAI_2015},
  timestamp = {Thu, 16 Jun 2016 17:11:03 +0200},
  biburl    = {http://dblp.uni-trier.de/rec/bib/conf/gcai/2015},
  bibsource = {dblp computer science bibliography, http://dblp.org}
}

@article{DBLP:journals/corr/abs-1301-2683,
  author    = {Josef Urban},
  title     = {BliStr: The Blind Strategymaker},
  journal   = {CoRR},
  year      = {2013},
  volume    = {abs/1301.2683},
  url       = {http://arxiv.org/abs/1301.2683},
  timestamp = {Sat, 11 Oct 2014 01:28:23 +0200},
  biburl    = {http://dblp.uni-trier.de/rec/bib/journals/corr/abs-1301-2683},
  bibsource = {dblp computer science bibliography, http://dblp.org}
}

@InProceedings{Schulz:LPAR-2013,
  author =       {Stephan Schulz},
  title =        {{System Description: E~1.8}},
  OPTcrossref =  {},
  OPTkey =       {},
  booktitle =    {Proc.\ of the 19th LPAR, Stellenbosch},
  OPTpages =     {735-743},
  year =         {2013},
  editor =       {Ken McMillan and Aart Middeldorp and Andrei Voronkov},
  volume =       {8312},
  OPTnumber =    {},
  series =       {LNCS},
  OPTaddress =   {},
  OPTmonth =     {},
  OPTorganization = {},
  publisher =    {Springer},
  OPTnote =      {},
  annote =       {StS}
}

@inproceedings{DeMoura:2008:ZES:1792734.1792766,
 author = {De Moura, Leonardo and Bj{\o}rner, Nikolaj},
 title = {Z3: An Efficient {SMT} Solver},
 booktitle = {Proceedings of the Theory and Practice of Software, 14th International Conference on Tools and Algorithms for the Construction and Analysis of Systems},
 series = {TACAS'08/ETAPS'08},
 year = {2008},
 isbn = {3-540-78799-2, 978-3-540-78799-0},
 location = {Budapest, Hungary},
 pages = {337--340},
 numpages = {4},
 url = {http://dl.acm.org/citation.cfm?id=1792734.1792766},
 acmid = {1792766},
 publisher = {Springer-Verlag},
 address = {Berlin, Heidelberg},
} 

@inproceedings{KovacsCAV13,
title = {First-Order Theorem Proving and {V}ampire},
ee = {http://dx.doi.org/10.1007/978-3-642-39799-8_1},
booktitle = {Proceedings of the 25th International Conference on Computer Aided
Verification (CAV)},
author = {Laura Kov{\'a}cs and Andrei Voronkov},
url = {/pubpdf/First-Order_Theorem_Proving_and_Vampire.pdf},
year = {2013},
bibsource = {DBLP, http://dblp.uni-trier.de},
pages = {1-35},
crossref = {DBLP:conf/cav/2013},
}

@proceedings{DBLP:conf/cav/2013,
  editor    = {Natasha Sharygina and
               Helmut Veith},
  title     = {Computer Aided Verification - 25th International Conference, {CAV}
               2013, Saint Petersburg, Russia, July 13-19, 2013. Proceedings},
  series    = {Lecture Notes in Computer Science},
  volume    = {8044},
  publisher = {Springer},
  year      = {2013},
  url       = {http://dx.doi.org/10.1007/978-3-642-39799-8},
  doi       = {10.1007/978-3-642-39799-8},
  isbn      = {978-3-642-39798-1},
  timestamp = {Fri, 12 Jul 2013 13:53:11 +0200},
  biburl    = {http://dblp.uni-trier.de/rec/bib/conf/cav/2013},
  bibsource = {dblp computer science bibliography, http://dblp.org}
}



@inproceedings{Barrett:2011:CVC:2032305.2032319,
 author = {Barrett, Clark and Conway, Christopher L. and Deters, Morgan and Hadarean, Liana and Jovanovi\'{c}, Dejan and King, Tim and Reynolds, Andrew and Tinelli, Cesare},
 title = {{CVC}4},
 booktitle = {Proceedings of the 23rd International Conference on Computer Aided Verification},
 series = {CAV'11},
 year = {2011},
 isbn = {978-3-642-22109-5},
 location = {Snowbird, UT},
 pages = {171--177},
 numpages = {7},
 url = {http://dl.acm.org/citation.cfm?id=2032305.2032319},
 acmid = {2032319},
 publisher = {Springer-Verlag},
 address = {Berlin, Heidelberg},
} 

@article{TPTP,
year={2009},
issn={0168-7433},
journal={Journal of Automated Reasoning},
volume={43},
number={4},
doi={10.1007/s10817-009-9143-8},
title={The {TPTP} Problem Library and Associated Infrastructure},
url={http://dx.doi.org/10.1007/s10817-009-9143-8},
publisher={Springer Netherlands},
keywords={TPTP; ATP system evaluation},
author={Sutcliffe, Geoff},
pages={337-362},
language={English}
}

@inproceedings{DBLP:conf/itp/KumarH12,
  author    = {Ramana Kumar and
               Joe Hurd},
  title     = {Standalone Tactics Using {OpenTheory}},
  booktitle = {Interactive Theorem Proving (ITP)},
  pages     = {405--411},
  year      = {2012},
  crossref  = {DBLP:conf/itp/2012},
  url       = {http://dx.doi.org/10.1007/978-3-642-32347-8_28},
  doi       = {10.1007/978-3-642-32347-8_28},
  timestamp = {Tue, 14 Aug 2012 11:20:26 +0200},
  biburl    = {http://dblp.uni-trier.de/rec/bib/conf/itp/KumarH12},
  bibsource = {dblp computer science bibliography, http://dblp.org}
}

@proceedings{DBLP:conf/itp/2012,
  editor    = {Lennart Beringer and
               Amy P. Felty},
  title     = {Interactive Theorem Proving - Third International Conference, {ITP}
               2012, Princeton, NJ, USA, August 13-15, 2012. Proceedings},
  series    = {Lecture Notes in Computer Science},
  volume    = {7406},
  publisher = {Springer},
  year      = {2012},
  url       = {http://dx.doi.org/10.1007/978-3-642-32347-8},
  doi       = {10.1007/978-3-642-32347-8},
  timestamp = {Tue, 14 Aug 2012 11:18:19 +0200},
  biburl    = {http://dblp.uni-trier.de/rec/bib/conf/itp/2012},
  bibsource = {dblp computer science bibliography, http://dblp.org}
}

@inproceedings{DBLP:conf/sefm/Adams15,
  author    = {Mark Adams},
  title     = {Refactoring Proofs with {T}actician},
  booktitle = {Human-Oriented Formal Methods (HOFM)},
  pages     = {53--67},
  year      = {2015},
  url       = {http://dx.doi.org/10.1007/978-3-662-49224-6_6},
  doi       = {10.1007/978-3-662-49224-6_6},
  editor    = {Domenico Bianculli and
               Radu Calinescu and
               Bernhard Rumpe},
  series    = {LNCS},
  volume    = {9509},
  publisher = {Springer},
}

@article{ckju-jsc15,
  author    = {Cezary Kaliszyk and Josef Urban},
  title     = {Learning-assisted Theorem Proving with Millions of Lemmas},
  journal   = {Journal of Symbolic Computation},
  volume    = {69},
  pages     = {109-128},
  year      = {2015},
  doi       = {10.1016/j.jsc.2014.09.032},
}

@InProceedings{ckjujv-frocos15,
  author =       {Cezary Kaliszyk and Josef Urban and Ji\v{r}\'{\i} Vysko\v{c}il},
  title =        {Lemmatization for Stronger Reasoning in Large Theories},
  booktitle = {Frontiers of Combining Systems (FroCoS'15)},
  year =      2015,
  editor =    {Carsten Lutz and Silvio Ranise},
  series =    {LNCS},
  pages = {341-356},
  volume = {9322},
  publisher= {Springer},
  doi="10.1007/978-3-319-24246-0_21",
}

@article{jbcklpju-h4qed-jfr,
  author = {Jasmin C. Blanchette and Cezary Kaliszyk and Lawrence C. Paulson and Josef Urban},
  title = {Hammering towards {QED}},
  journal = {J. Formalized Reasoning},
  volume = {9},
  number = {1},
  year = {2016},
  issn = {1972-5787},
  url = {http://jfr.unibo.it/article/view/4593},
  pages = {101--148}
}


@inproceedings{tgck-cpp15,
  author =       {Thibault Gauthier and Cezary Kaliszyk},
  title =        {Premise Selection and External Provers for {HOL4}},
  booktitle = {Proc. of the 4th Conference on Certified Programs and Proofs (CPP'15)},
  editor = {Xavier Leroy and Alwen Tiu},
  isbn      = {978-1-4503-3296-5},
  pages = {49-57},
  year =         2015,
  doi = {10.1145/2676724.2693173},
  publisher = {{ACM}}
}



@article{jbdgckdkju-jar-mash16,
  author    = {Jasmin Christian Blanchette and
               David Greenaway and
               Cezary Kaliszyk and
               Daniel K{\"{u}}hlwein and
               Josef Urban},
  title     = {A Learning-Based Fact Selector for {Isabelle/HOL}},
  journal   = {J. Autom. Reasoning},
  volume    = {57},
  number    = {3},
  pages     = {219--244},
  year      = {2016},
  url       = {http://dx.doi.org/10.1007/s10817-016-9362-8},
  doi       = {10.1007/s10817-016-9362-8},
}

@ARTICLE{Jones72astatistical,
    author = {Karen Sp\"arck Jones},
    title = {A statistical interpretation of term specificity and its application in retrieval},
    journal = {Journal of Documentation},
    year = {1972},
    volume = {28},
    pages = {11--21}
}



@inproceedings{DBLP:conf/cade/Urban07,
  author    = {Josef Urban},
  title     = {MaLARea: a Metasystem for Automated Reasoning in Large Theories},
  booktitle = {Empirically Successful Automated
               Reasoning in Large Theories (ESLART)},
  year      = {2007},
  editor    = {Geoff Sutcliffe and
               Josef Urban and
               Stephan Schulz},
  series    = {{CEUR}},
  volume    = {257},
  publisher = {CEUR-WS.org},
}


@inproceedings{tgckckmn-paar14,
  author    = {Thibault Gauthier and Cezary Kaliszyk and Chantal Keller and Michael Norrish},
  title     = {Beagle as a {HOL4} external {ATP} method},
  booktitle = {4th Workshop on Practical Aspects of Automated Reasoning (PAAR-2014)},
  editor    = {Stephan Schulz and Leonardo De Moura and Boris Konev},
  series    = {EasyChair Proceedings in Computing},
  volume    = {31},
  pages     = {50-59},
  year      = {2015},
  publisher = {EasyChair},
}


@PhdThesis{readability,
  title = {On the Readability of Machine Checkable Formal Proofs},
  author = {Vincent Zammit},
  school = {University of Kent},
  year =         {1999},
  url = {http://kar.kent.ac.uk/21861/},
}



@inproceedings{mllax,
  author    = {Michael F{\"{a}}rber and
               Chad E. Brown},
  title     = {Internal Guidance for {S}atallax},
  pages     = {349--361},
  year      = {2016},
  url       = {http://dx.doi.org/10.1007/978-3-319-40229-1_24},
  doi       = {10.1007/978-3-319-40229-1_24},
  editor    = {Nicola Olivetti and
               Ashish Tiwari},
  booktitle     = {8th International Joint Conference on Automated Reasoning (IJCAR 2016)},
  series    = {LNCS},
  volume    = {9706},
  publisher = {Springer},
}

@inproceedings{tgckju-lpar17,
  author    = {Thibault Gauthier and Cezary Kaliszyk and Josef Urban},
  title     = {{TacticToe}: Learning to Reason with {HOL4} Tactics},
  booktitle = {LPAR-21. 21st International Conference on Logic for Programming, Artificial Intelligence and Reasoning},
  editor    = {Thomas Eiter and David Sands},
  series    = {EPiC Series in Computing},
  volume    = {46},
  pages     = {125--143},
  year      = {2017},
  publisher = {EasyChair},
  bibsource = {EasyChair, http://www.easychair.org},
  issn      = {2398-7340}}



@inproceedings{NagashimaK17psl,
  author    = {Yutaka Nagashima and
               Ramana Kumar},
  title     = {A Proof Strategy Language and Proof Script Generation for {Isabelle/HOL}},
  booktitle = {26th International Conference on Automated Deduction (CADE 2017)},
  pages     = {528--545},
  year      = {2017},
  url       = {https://doi.org/10.1007/978-3-319-63046-5_32},
  doi       = {10.1007/978-3-319-63046-5_32},
  editor    = {Leonardo de Moura},
  series    = {LNCS},
  volume    = {10395},
  publisher = {Springer},
}

@inproceedings{Nitpick10,
  author    = {Jasmin Christian Blanchette and
               Tobias Nipkow},
  title     = {{N}itpick: A Counterexample Generator for Higher-Order Logic
               Based on a Relational Model Finder},
  year      = {2010},
  pages     = {131-146},
  editor    = {Matt Kaufmann and
               Lawrence C. Paulson},
  booktitle     = {Interactive Theorem Proving, First International Conference,
               ITP 2010},
  publisher = {Springer},
  series    = {LNCS},
  volume    = {6172},
  isbn      = {978-3-642-14051-8}
}


@inproceedings{RingerYLG18,
  author    = {Talia Ringer and
               Nathaniel Yazdani and
               John Leo and
               Dan Grossman},
  title     = {Adapting proof automation to adapt proofs},
  booktitle = {Proceedings of the 7th {ACM} {SIGPLAN} International Conference on
               Certified Programs and Proofs, {CPP} 2018},
  pages     = {115--129},
  year      = {2018},
  url       = {http://doi.acm.org/10.1145/3167094},
  doi       = {10.1145/3167094},
  editor    = {June Andronick and
               Amy P. Felty},
  publisher = {{ACM}},
}

